<record><leader>00000cas a2200000 a 4500</leader><controlfield tag="001">14338296</controlfield><controlfield tag="008">861003d18951914ksudr ne      0    0eng d</controlfield><datafield ind1=" " ind2=" " tag="010"><subfield code="a">sn 86064514 </subfield></datafield><datafield ind1=" " ind2=" " tag="040"><subfield code="a">KSH</subfield><subfield code="b">eng</subfield><subfield code="c">KSH</subfield><subfield code="d">NPT</subfield><subfield code="d">OCL</subfield><subfield code="d">OCLCQ</subfield></datafield><datafield ind1=" " ind2=" " tag="042"><subfield code="a">msc</subfield></datafield><datafield ind1="0" ind2=" " tag="130"><subfield code="a">Atchison daily champion (Atchison, Kan. : 1895)</subfield></datafield><datafield ind1="1" ind2="4" tag="245"><subfield code="a">The Atchison daily champion.</subfield></datafield><datafield ind1="3" ind2="0" tag="246"><subfield code="a">Atchison champion</subfield></datafield><datafield ind1=" " ind2=" " tag="260"><subfield code="a">Atchison, Kan. :</subfield><subfield code="b">A.J. Felt,</subfield><subfield code="c">1895-1914.</subfield></datafield><datafield ind1=" " ind2=" " tag="300"><subfield code="a">18 v. :</subfield><subfield code="b">ill. ;</subfield><subfield code="c">69 cm.</subfield></datafield><datafield ind1=" " ind2=" " tag="310"><subfield code="a">Daily (except Monday)</subfield></datafield><datafield ind1="0" ind2=" " tag="362"><subfield code="a">Vol. 41, no. 307 (Dec. 31, 1895)-v. 58, no. 2307 (Jan. 17, 1914).</subfield></datafield><datafield ind1=" " ind2=" " tag="500"><subfield code="a">Published as: Atchison champion, Mar. 29-May 19, 1899; &lt;Apr. 3-4, 1902&gt;.</subfield></datafield><datafield ind1=" " ind2=" " tag="500"><subfield code="a">Subtitle, "For one week as the devil would run it," Mar. 13-20, 1900.</subfield></datafield><datafield ind1=" " ind2=" " tag="500"><subfield code="a">Publisher varies.</subfield></datafield><datafield ind1=" " ind2=" " tag="580"><subfield code="a">Issued also in a weekly edition.</subfield></datafield><datafield ind1=" " ind2=" " tag="752"><subfield code="a">United States</subfield><subfield code="b">Kansas</subfield><subfield code="c">Atchison</subfield><subfield code="d">Atchison.</subfield></datafield><datafield ind1="1" ind2=" " tag="775"><subfield code="t">Atchison champion (Atchison, Kan. : 1892)</subfield><subfield code="w">(DLC)sn 83040084</subfield></datafield><datafield ind1="0" ind2="0" tag="780"><subfield code="t">Atchison champion (Atchison, Kan. : 1889)</subfield><subfield code="w">(DLC)sn 86064513</subfield></datafield><datafield ind1="0" ind2="5" tag="780"><subfield code="t">Kansas statesman</subfield><subfield code="g">Oct. 1901</subfield><subfield code="w">(DLC)sn 83040119</subfield></datafield><datafield ind1="0" ind2="0" tag="785"><subfield code="t">Atchison champion (Atchison, Kan. : 1914)</subfield><subfield code="w">(DLC)sn 86064515</subfield></datafield></record>